http://docs.opencv.org/3.1.0/index.html#gsc.tab=0

@url{OpenCV,
	Author = {itseez},
	Date-Modified = {2016-02-26 11:45:00 +0000},
	Note = {[Online; Stand 26. Feb 2016]},
	Title = {OpenCV},
	Url = {\url{http://opencv.org/}},
	Year = {2016},
	Bdsk-Url-1 = {http://opencv.org/}}