http://docs.opencv.org/3.1.0/index.html#gsc.tab=0

@Misc{ESP01CheatSheet,
	Author = {Florian Knodt},
	Note = {[Online; Stand 23. Okt 2016]},
	Title = {ESP8266 ESP 01 MODULE PINOUT DIAGRAM CHEAT SHEET BY ADLERWEB},
	Howpublished = {\url{https://www.adlerweb.info/blog/2015/12/06/bitbastelei-176-esp8266-mit-der-arduino-ide/esp8266_esp_01_module_pinout_diagram_cheat_sheet_by_adlerweb-d9iwm7a-2}},
	Year = {2016}
}

@Misc{DS18B20,
	Author = {Maxim Integrated Products, Inc},
	Title = {DS18B20 Datasheet},
	Note = {[Online; Stand 23. Okt 2016]},
	Year = {2015},
	Howpublished = {\url{http://datasheets.maximintegrated.com/en/ds/DS18B20.pdf}}
}

@Misc{WIFIMgmt,
	Author = {Alex Tzapu},
	Title = {WiFiManager - ESP8266 WiFi Connection manager with fallback web configuration portal},
	Note = {[Online; Stand 23. Okt 2016]},
	Year = {2015},
	Howpublished = {\url{https://github.com/tzapu/WiFiManager}}
}

@Misc{ArduinoAzure,
	Author = {Dave Glover},
	Title = {Securely stream data from ESP8266 MCUs to Azure IoT Hub over HTTPS/REST},
	Note = {[Online; Stand 23. Okt 2016]},
	Year = {2016},
	Howpublished = {\url{https://github.com/gloveboxes/Arduino-ESP8266-Secure-Azure-IoT-Hub-Client}}
}